@inproceedings{lecun1988theoretical,
	title={A theoretical framework for back-propagation},
	author={LeCun, Yann and Touresky, D and Hinton, G and Sejnowski, T},
	booktitle={Proceedings of the 1988 connectionist models summer school},
	volume={1},
	pages={21--28},
	year={1988}
}

@article{lecun1998mnist,
	title={The MNIST database of handwritten digits},
	author={LeCun, Yann},
	journal={http://yann. lecun. com/exdb/mnist/},
	year={1998}
}

@article{manalo12,
  title={12-BIT VERILOG CALCULATOR WITH TRIGONOMETRIC FUNCTIONS},
  author={Manalo, Irra Edralyn L and Montecillo, Evangeline Rose Q and Colinares, Denmor S and Lingat, Jed Daryl Lousie and Caldo, Rionel Belen}
}

@article{deng2015synchronous,
  title={Synchronous 8-bit non-volatile full-adder based on spin transfer torque magnetic tunnel junction},
  author={Deng, Erya and Zhang, Yue and Kang, Wang and Dieny, Bernard and Klein, Jacques-Olivier and Prenat, Guillaume and Zhao, Weisheng},
  journal={IEEE Transactions on Circuits and Systems I: Regular Papers},
  volume={62},
  number={7},
  pages={1757--1765},
  year={2015},
  publisher={IEEE}
}

@misc{cross,
	title = {Cross-entropy Function},
	author = “Wikipedia”,
	howpublished = “Website”,
	year = {2021},
	note = {\url{https://en.wikipedia.org/wiki/Cross_entropy}}
}

@misc{softmax,
	title = {Softmax Function},
	author = “Wikipedia”,
	howpublished = “Website”,
	year = {2021},
	note = {\url{https://en.wikipedia.org/wiki/Softmax_function}}
}

@misc{relu,
	title = {ReLu Function},
	author = “Wikipedia”,
	howpublished = “Website”,
	year = {2021},
	note = {\url{https://en.wikipedia.org/wiki/Rectifier_(neural_networks)}}
}

@misc{gradient,
	title = {Gradient Descent},
	author = “Wikipedia”,
	howpublished = “Website”,
	year = {2021},
	note = {\url{https://en.wikipedia.org/wiki/Gradient_descent}}
}

@misc{nn,
  title = {Neural Network},
  author = “Wikipedia”,
  howpublished = “Website”,
  year = {2021},
  note = {\url{https://en.wikipedia.org/wiki/Neural_network}}
}

@misc{fcnn,
	title = {Fully connected Neural Network},
	author = “Radiopaedia”,
	howpublished = “Website”,
	year = {2021},
	note = {\url{https://radiopaedia.org/articles/fully-connected-neural-network}}
}

@article{booth1951signed,
	title={A signed binary multiplication technique},
	author={Booth, Andrew D},
	journal={The Quarterly Journal of Mechanics and Applied Mathematics},
	volume={4},
	number={2},
	pages={236--240},
	year={1951},
	publisher={Oxford University Press}
}

@inproceedings{rajput2012high,
	title={High speed Modified Booth Encoder multiplier for signed and unsigned numbers},
	author={Rajput, Ravindra P and Swamy, MN Shanmukha},
	booktitle={2012 UKSim 14th International Conference on Computer Modelling and Simulation},
	pages={649--654},
	year={2012},
	organization={IEEE}
}

@article{chandel2013booth,
	title={Booth multiplier: Ease of multiplication},
	author={Chandel, Deepali and Kumawat, Gagan and Lahoty, Pranay and Chandrodaya, Vidhi Vart and Sharma, Shailendra},
	journal={International Journal of Emerging Technology and Advanced Engineering},
	volume={3},
	number={3},
	pages={118--122},
	year={2013}
}